%YAML 1.1
%TAG !u! tag:unity3d.com,2011:
--- !u!1 &1216674268834692
GameObject:
  m_ObjectHideFlags: 0
  m_CorrespondingSourceObject: {fileID: 0}
  m_PrefabInstance: {fileID: 0}
  m_PrefabAsset: {fileID: 0}
  serializedVersion: 6
  m_Component:
  - component: {fileID: 4470466264897572}
  - component: {fileID: 33076904479581320}
  - component: {fileID: 23713279165426590}
  - component: {fileID: 1588639953027240257}
  m_Layer: 0
  m_Name: BasicWeapon2
  m_TagString: Weapon
  m_Icon: {fileID: 0}
  m_NavMeshLayer: 0
  m_StaticEditorFlags: 0
  m_IsActive: 1
--- !u!4 &4470466264897572
Transform:
  m_ObjectHideFlags: 0
  m_CorrespondingSourceObject: {fileID: 0}
  m_PrefabInstance: {fileID: 0}
  m_PrefabAsset: {fileID: 0}
  m_GameObject: {fileID: 1216674268834692}
  m_LocalRotation: {x: 0, y: 0.7071068, z: 0, w: 0.7071068}
  m_LocalPosition: {x: -0.004, y: -0.187, z: 0.006}
  m_LocalScale: {x: 0.75, y: 0.75, z: 0.5}
  m_Children:
  - {fileID: 3429484944074467421}
  m_Father: {fileID: 0}
  m_RootOrder: 0
  m_LocalEulerAnglesHint: {x: 0, y: 90, z: 0}
--- !u!33 &33076904479581320
MeshFilter:
  m_ObjectHideFlags: 0
  m_CorrespondingSourceObject: {fileID: 0}
  m_PrefabInstance: {fileID: 0}
  m_PrefabAsset: {fileID: 0}
  m_GameObject: {fileID: 1216674268834692}
  m_Mesh: {fileID: 4300000, guid: 14ea9cc0dfadeda4884072a6e2b5c1cf, type: 3}
--- !u!23 &23713279165426590
MeshRenderer:
  m_ObjectHideFlags: 0
  m_CorrespondingSourceObject: {fileID: 0}
  m_PrefabInstance: {fileID: 0}
  m_PrefabAsset: {fileID: 0}
  m_GameObject: {fileID: 1216674268834692}
  m_Enabled: 1
  m_CastShadows: 1
  m_ReceiveShadows: 1
  m_DynamicOccludee: 1
  m_MotionVectors: 1
  m_LightProbeUsage: 1
  m_ReflectionProbeUsage: 1
  m_RayTracingMode: 2
  m_RenderingLayerMask: 1
  m_RendererPriority: 0
  m_Materials:
  - {fileID: 2100000, guid: caf01dd5152f3934d8079e6160aa3b1e, type: 2}
  m_StaticBatchInfo:
    firstSubMesh: 0
    subMeshCount: 0
  m_StaticBatchRoot: {fileID: 0}
  m_ProbeAnchor: {fileID: 0}
  m_LightProbeVolumeOverride: {fileID: 0}
  m_ScaleInLightmap: 1
  m_ReceiveGI: 1
  m_PreserveUVs: 0
  m_IgnoreNormalsForChartDetection: 0
  m_ImportantGI: 0
  m_StitchLightmapSeams: 1
  m_SelectedEditorRenderState: 3
  m_MinimumChartSize: 4
  m_AutoUVMaxDistance: 0.5
  m_AutoUVMaxAngle: 89
  m_LightmapParameters: {fileID: 0}
  m_SortingLayerID: 0
  m_SortingLayer: 0
  m_SortingOrder: 0
--- !u!65 &1588639953027240257
BoxCollider:
  m_ObjectHideFlags: 0
  m_CorrespondingSourceObject: {fileID: 0}
  m_PrefabInstance: {fileID: 0}
  m_PrefabAsset: {fileID: 0}
  m_GameObject: {fileID: 1216674268834692}
  m_Material: {fileID: 0}
  m_IsTrigger: 1
  m_Enabled: 1
  serializedVersion: 2
  m_Size: {x: 0.19222598, y: 1.3913912, z: 0.33584157}
  m_Center: {x: 0.00000030795735, y: 0.9503622, z: 0.012769413}
--- !u!1001 &811408231717581660
PrefabInstance:
  m_ObjectHideFlags: 0
  serializedVersion: 2
  m_Modification:
    m_TransformParent: {fileID: 4470466264897572}
    m_Modifications:
    - target: {fileID: 598535718975234539, guid: 191bfd5d886b93749917d7b9d092cd04,
        type: 3}
      propertyPath: m_LocalPosition.y
      value: 0.5
      objectReference: {fileID: 0}
    - target: {fileID: 635601911514968591, guid: 191bfd5d886b93749917d7b9d092cd04,
        type: 3}
      propertyPath: m_Name
      value: ThunderEffect
      objectReference: {fileID: 0}
    - target: {fileID: 635601911514968591, guid: 191bfd5d886b93749917d7b9d092cd04,
        type: 3}
      propertyPath: m_IsActive
      value: 0
      objectReference: {fileID: 0}
    - target: {fileID: 639411015237363297, guid: 191bfd5d886b93749917d7b9d092cd04,
        type: 3}
      propertyPath: m_LocalPosition.y
      value: 0.314
      objectReference: {fileID: 0}
    - target: {fileID: 639411016034127599, guid: 191bfd5d886b93749917d7b9d092cd04,
        type: 3}
      propertyPath: m_LocalScale.z
      value: 2
      objectReference: {fileID: 0}
    - target: {fileID: 682623961731606332, guid: 191bfd5d886b93749917d7b9d092cd04,
        type: 3}
      propertyPath: m_LocalPosition.y
      value: 0.5
      objectReference: {fileID: 0}
    - target: {fileID: 711811923381927107, guid: 191bfd5d886b93749917d7b9d092cd04,
        type: 3}
      propertyPath: m_LocalPosition.x
      value: 0
      objectReference: {fileID: 0}
    - target: {fileID: 711811923381927107, guid: 191bfd5d886b93749917d7b9d092cd04,
        type: 3}
      propertyPath: m_LocalPosition.y
      value: 0.5
      objectReference: {fileID: 0}
    - target: {fileID: 711811923381927107, guid: 191bfd5d886b93749917d7b9d092cd04,
        type: 3}
      propertyPath: m_LocalPosition.z
      value: 0
      objectReference: {fileID: 0}
    - target: {fileID: 726043157796763675, guid: 191bfd5d886b93749917d7b9d092cd04,
        type: 3}
      propertyPath: m_Materials.Array.size
      value: 1
      objectReference: {fileID: 0}
    - target: {fileID: 726043158684605333, guid: 191bfd5d886b93749917d7b9d092cd04,
        type: 3}
      propertyPath: m_Materials.Array.size
      value: 1
      objectReference: {fileID: 0}
    - target: {fileID: 751818449120656783, guid: 191bfd5d886b93749917d7b9d092cd04,
        type: 3}
      propertyPath: InitialModule.startSizeY.minMaxState
      value: 3
      objectReference: {fileID: 0}
    - target: {fileID: 751818449120656783, guid: 191bfd5d886b93749917d7b9d092cd04,
        type: 3}
      propertyPath: InitialModule.startSizeZ.minMaxState
      value: 3
      objectReference: {fileID: 0}
    - target: {fileID: 751818451122876595, guid: 191bfd5d886b93749917d7b9d092cd04,
        type: 3}
      propertyPath: InitialModule.startSizeY.minMaxState
      value: 3
      objectReference: {fileID: 0}
    - target: {fileID: 751818451122876595, guid: 191bfd5d886b93749917d7b9d092cd04,
        type: 3}
      propertyPath: InitialModule.startSizeZ.minMaxState
      value: 3
      objectReference: {fileID: 0}
    - target: {fileID: 751818451122876595, guid: 191bfd5d886b93749917d7b9d092cd04,
        type: 3}
      propertyPath: InitialModule.startRotationX.minMaxState
      value: 3
      objectReference: {fileID: 0}
    - target: {fileID: 751818451122876595, guid: 191bfd5d886b93749917d7b9d092cd04,
        type: 3}
      propertyPath: InitialModule.startRotationY.minMaxState
      value: 3
      objectReference: {fileID: 0}
    - target: {fileID: 1082702747662837119, guid: 191bfd5d886b93749917d7b9d092cd04,
        type: 3}
      propertyPath: m_Intensity
      value: 1.5
      objectReference: {fileID: 0}
    - target: {fileID: 1925713195262957578, guid: 191bfd5d886b93749917d7b9d092cd04,
        type: 3}
      propertyPath: m_LocalScale.x
      value: 1
      objectReference: {fileID: 0}
    - target: {fileID: 1925713195262957578, guid: 191bfd5d886b93749917d7b9d092cd04,
        type: 3}
      propertyPath: m_LocalScale.y
      value: 1
      objectReference: {fileID: 0}
    - target: {fileID: 1925713195262957578, guid: 191bfd5d886b93749917d7b9d092cd04,
        type: 3}
      propertyPath: m_LocalScale.z
      value: 1
      objectReference: {fileID: 0}
    - target: {fileID: 1925713195262957578, guid: 191bfd5d886b93749917d7b9d092cd04,
        type: 3}
      propertyPath: m_LocalPosition.y
      value: 0.314
      objectReference: {fileID: 0}
    - target: {fileID: 1925713197411959624, guid: 191bfd5d886b93749917d7b9d092cd04,
        type: 3}
      propertyPath: m_LocalScale.x
      value: 1.25
      objectReference: {fileID: 0}
    - target: {fileID: 1925713197411959624, guid: 191bfd5d886b93749917d7b9d092cd04,
        type: 3}
      propertyPath: m_LocalScale.y
      value: 1.25
      objectReference: {fileID: 0}
    - target: {fileID: 1925713197411959624, guid: 191bfd5d886b93749917d7b9d092cd04,
        type: 3}
      propertyPath: m_LocalScale.z
      value: 2
      objectReference: {fileID: 0}
    - target: {fileID: 1934773980697468304, guid: 191bfd5d886b93749917d7b9d092cd04,
        type: 3}
      propertyPath: m_LocalPosition.y
      value: 0.5
      objectReference: {fileID: 0}
    - target: {fileID: 1954717883982761824, guid: 191bfd5d886b93749917d7b9d092cd04,
        type: 3}
      propertyPath: m_Intensity
      value: 1.5
      objectReference: {fileID: 0}
    - target: {fileID: 2167444434627145701, guid: 191bfd5d886b93749917d7b9d092cd04,
        type: 3}
      propertyPath: m_Intensity
      value: 2
      objectReference: {fileID: 0}
    - target: {fileID: 2273547358672905165, guid: 191bfd5d886b93749917d7b9d092cd04,
        type: 3}
      propertyPath: m_LocalScale.x
      value: 1.5
      objectReference: {fileID: 0}
    - target: {fileID: 2273547358672905165, guid: 191bfd5d886b93749917d7b9d092cd04,
        type: 3}
      propertyPath: m_LocalScale.y
      value: 1.5
      objectReference: {fileID: 0}
    - target: {fileID: 2273547358672905165, guid: 191bfd5d886b93749917d7b9d092cd04,
        type: 3}
      propertyPath: m_LocalScale.z
      value: 2
      objectReference: {fileID: 0}
    - target: {fileID: 2273547360796817551, guid: 191bfd5d886b93749917d7b9d092cd04,
        type: 3}
      propertyPath: m_LocalScale.x
      value: 1
      objectReference: {fileID: 0}
    - target: {fileID: 2273547360796817551, guid: 191bfd5d886b93749917d7b9d092cd04,
        type: 3}
      propertyPath: m_LocalScale.y
      value: 1
      objectReference: {fileID: 0}
    - target: {fileID: 2273547360796817551, guid: 191bfd5d886b93749917d7b9d092cd04,
        type: 3}
      propertyPath: m_LocalScale.z
      value: 1
      objectReference: {fileID: 0}
    - target: {fileID: 2273547360796817551, guid: 191bfd5d886b93749917d7b9d092cd04,
        type: 3}
      propertyPath: m_LocalPosition.y
      value: 0.314
      objectReference: {fileID: 0}
    - target: {fileID: 2414086322426128704, guid: 191bfd5d886b93749917d7b9d092cd04,
        type: 3}
      propertyPath: m_Intensity
      value: 1.5
      objectReference: {fileID: 0}
    - target: {fileID: 2654107949496097537, guid: 191bfd5d886b93749917d7b9d092cd04,
        type: 3}
      propertyPath: m_RootOrder
      value: 0
      objectReference: {fileID: 0}
    - target: {fileID: 2654107949496097537, guid: 191bfd5d886b93749917d7b9d092cd04,
        type: 3}
      propertyPath: m_LocalPosition.x
      value: 0
      objectReference: {fileID: 0}
    - target: {fileID: 2654107949496097537, guid: 191bfd5d886b93749917d7b9d092cd04,
        type: 3}
      propertyPath: m_LocalPosition.y
      value: 0
      objectReference: {fileID: 0}
    - target: {fileID: 2654107949496097537, guid: 191bfd5d886b93749917d7b9d092cd04,
        type: 3}
      propertyPath: m_LocalPosition.z
      value: 0
      objectReference: {fileID: 0}
    - target: {fileID: 2654107949496097537, guid: 191bfd5d886b93749917d7b9d092cd04,
        type: 3}
      propertyPath: m_LocalRotation.w
      value: 1
      objectReference: {fileID: 0}
    - target: {fileID: 2654107949496097537, guid: 191bfd5d886b93749917d7b9d092cd04,
        type: 3}
      propertyPath: m_LocalRotation.x
      value: 0
      objectReference: {fileID: 0}
    - target: {fileID: 2654107949496097537, guid: 191bfd5d886b93749917d7b9d092cd04,
        type: 3}
      propertyPath: m_LocalRotation.y
      value: 0
      objectReference: {fileID: 0}
    - target: {fileID: 2654107949496097537, guid: 191bfd5d886b93749917d7b9d092cd04,
        type: 3}
      propertyPath: m_LocalRotation.z
      value: 0
      objectReference: {fileID: 0}
    - target: {fileID: 2654107949496097537, guid: 191bfd5d886b93749917d7b9d092cd04,
        type: 3}
      propertyPath: m_LocalEulerAnglesHint.x
      value: 0
      objectReference: {fileID: 0}
    - target: {fileID: 2654107949496097537, guid: 191bfd5d886b93749917d7b9d092cd04,
        type: 3}
      propertyPath: m_LocalEulerAnglesHint.y
      value: 0
      objectReference: {fileID: 0}
    - target: {fileID: 2654107949496097537, guid: 191bfd5d886b93749917d7b9d092cd04,
        type: 3}
      propertyPath: m_LocalEulerAnglesHint.z
      value: 0
      objectReference: {fileID: 0}
    - target: {fileID: 2744789202413687484, guid: 191bfd5d886b93749917d7b9d092cd04,
        type: 3}
      propertyPath: m_LocalScale.x
      value: 1
      objectReference: {fileID: 0}
    - target: {fileID: 2744789202413687484, guid: 191bfd5d886b93749917d7b9d092cd04,
        type: 3}
      propertyPath: m_LocalScale.y
      value: 1
      objectReference: {fileID: 0}
    - target: {fileID: 2744789202413687484, guid: 191bfd5d886b93749917d7b9d092cd04,
        type: 3}
      propertyPath: m_LocalScale.z
      value: 2
      objectReference: {fileID: 0}
    - target: {fileID: 2744789202413687484, guid: 191bfd5d886b93749917d7b9d092cd04,
        type: 3}
      propertyPath: m_LocalPosition.x
      value: -0
      objectReference: {fileID: 0}
    - target: {fileID: 2744789202413687484, guid: 191bfd5d886b93749917d7b9d092cd04,
        type: 3}
      propertyPath: m_LocalPosition.y
      value: 0
      objectReference: {fileID: 0}
    - target: {fileID: 2744789202413687484, guid: 191bfd5d886b93749917d7b9d092cd04,
        type: 3}
      propertyPath: m_LocalPosition.z
      value: -0
      objectReference: {fileID: 0}
    - target: {fileID: 2744789204555385342, guid: 191bfd5d886b93749917d7b9d092cd04,
        type: 3}
      propertyPath: m_LocalScale.x
      value: 1
      objectReference: {fileID: 0}
    - target: {fileID: 2744789204555385342, guid: 191bfd5d886b93749917d7b9d092cd04,
        type: 3}
      propertyPath: m_LocalScale.y
      value: 1
      objectReference: {fileID: 0}
    - target: {fileID: 2744789204555385342, guid: 191bfd5d886b93749917d7b9d092cd04,
        type: 3}
      propertyPath: m_LocalScale.z
      value: 1
      objectReference: {fileID: 0}
    - target: {fileID: 2744789204555385342, guid: 191bfd5d886b93749917d7b9d092cd04,
        type: 3}
      propertyPath: m_LocalPosition.y
      value: 0.314
      objectReference: {fileID: 0}
    - target: {fileID: 2745730402951407584, guid: 191bfd5d886b93749917d7b9d092cd04,
        type: 3}
      propertyPath: m_IsActive
      value: 0
      objectReference: {fileID: 0}
    - target: {fileID: 2850355529590693524, guid: 191bfd5d886b93749917d7b9d092cd04,
        type: 3}
      propertyPath: m_Intensity
      value: 1
      objectReference: {fileID: 0}
    - target: {fileID: 3093715504739643762, guid: 191bfd5d886b93749917d7b9d092cd04,
        type: 3}
      propertyPath: m_Intensity
      value: 2
      objectReference: {fileID: 0}
    - target: {fileID: 3268991896900447726, guid: 191bfd5d886b93749917d7b9d092cd04,
        type: 3}
      propertyPath: m_LocalScale.x
      value: 1.5
      objectReference: {fileID: 0}
    - target: {fileID: 3268991896900447726, guid: 191bfd5d886b93749917d7b9d092cd04,
        type: 3}
      propertyPath: m_LocalScale.y
      value: 1.5
      objectReference: {fileID: 0}
    - target: {fileID: 3268991896900447726, guid: 191bfd5d886b93749917d7b9d092cd04,
        type: 3}
      propertyPath: m_LocalScale.z
      value: 2
      objectReference: {fileID: 0}
    - target: {fileID: 3268991897562244820, guid: 191bfd5d886b93749917d7b9d092cd04,
        type: 3}
      propertyPath: m_LocalScale.x
      value: 1
      objectReference: {fileID: 0}
    - target: {fileID: 3268991897562244820, guid: 191bfd5d886b93749917d7b9d092cd04,
        type: 3}
      propertyPath: m_LocalScale.y
      value: 1
      objectReference: {fileID: 0}
    - target: {fileID: 3268991897562244820, guid: 191bfd5d886b93749917d7b9d092cd04,
        type: 3}
      propertyPath: m_LocalScale.z
      value: 1
      objectReference: {fileID: 0}
    - target: {fileID: 3268991897562244820, guid: 191bfd5d886b93749917d7b9d092cd04,
        type: 3}
      propertyPath: m_LocalPosition.y
      value: 0.314
      objectReference: {fileID: 0}
    - target: {fileID: 3283546125996040335, guid: 191bfd5d886b93749917d7b9d092cd04,
        type: 3}
      propertyPath: m_Intensity
      value: 1.5
      objectReference: {fileID: 0}
    - target: {fileID: 3453294186950266976, guid: 191bfd5d886b93749917d7b9d092cd04,
        type: 3}
      propertyPath: InitialModule.startSizeY.minMaxState
      value: 3
      objectReference: {fileID: 0}
    - target: {fileID: 3453294186950266976, guid: 191bfd5d886b93749917d7b9d092cd04,
        type: 3}
      propertyPath: InitialModule.startSizeZ.minMaxState
      value: 3
      objectReference: {fileID: 0}
    - target: {fileID: 3453294186950266976, guid: 191bfd5d886b93749917d7b9d092cd04,
        type: 3}
      propertyPath: InitialModule.startRotationX.minMaxState
      value: 3
      objectReference: {fileID: 0}
    - target: {fileID: 3453294186950266976, guid: 191bfd5d886b93749917d7b9d092cd04,
        type: 3}
      propertyPath: InitialModule.startRotationY.minMaxState
      value: 3
      objectReference: {fileID: 0}
    - target: {fileID: 3514176048368448970, guid: 191bfd5d886b93749917d7b9d092cd04,
        type: 3}
      propertyPath: m_LocalPosition.y
      value: 0.314
      objectReference: {fileID: 0}
    - target: {fileID: 3514176051513958620, guid: 191bfd5d886b93749917d7b9d092cd04,
        type: 3}
      propertyPath: m_LocalScale.z
      value: 2
      objectReference: {fileID: 0}
    - target: {fileID: 3515450948331299358, guid: 191bfd5d886b93749917d7b9d092cd04,
        type: 3}
      propertyPath: m_IsActive
      value: 0
      objectReference: {fileID: 0}
    - target: {fileID: 3635960109276783358, guid: 191bfd5d886b93749917d7b9d092cd04,
        type: 3}
      propertyPath: InitialModule.startSizeY.minMaxState
      value: 3
      objectReference: {fileID: 0}
    - target: {fileID: 3635960109276783358, guid: 191bfd5d886b93749917d7b9d092cd04,
        type: 3}
      propertyPath: InitialModule.startSizeZ.minMaxState
      value: 3
      objectReference: {fileID: 0}
    - target: {fileID: 3681500314052351291, guid: 191bfd5d886b93749917d7b9d092cd04,
        type: 3}
      propertyPath: m_Intensity
      value: 2
      objectReference: {fileID: 0}
    - target: {fileID: 4234925394574483973, guid: 191bfd5d886b93749917d7b9d092cd04,
        type: 3}
      propertyPath: m_Intensity
      value: 1
      objectReference: {fileID: 0}
    - target: {fileID: 4333359427332471737, guid: 191bfd5d886b93749917d7b9d092cd04,
        type: 3}
      propertyPath: m_LocalPosition.x
      value: 0
      objectReference: {fileID: 0}
    - target: {fileID: 4333359427332471737, guid: 191bfd5d886b93749917d7b9d092cd04,
        type: 3}
      propertyPath: m_LocalPosition.y
      value: 0.5
      objectReference: {fileID: 0}
    - target: {fileID: 4333359427332471737, guid: 191bfd5d886b93749917d7b9d092cd04,
        type: 3}
      propertyPath: m_LocalPosition.z
      value: 0
      objectReference: {fileID: 0}
    - target: {fileID: 4680697101674192992, guid: 191bfd5d886b93749917d7b9d092cd04,
        type: 3}
      propertyPath: InitialModule.startSizeY.minMaxState
      value: 3
      objectReference: {fileID: 0}
    - target: {fileID: 4680697101674192992, guid: 191bfd5d886b93749917d7b9d092cd04,
        type: 3}
      propertyPath: InitialModule.startSizeZ.minMaxState
      value: 3
      objectReference: {fileID: 0}
    - target: {fileID: 4680697101674192992, guid: 191bfd5d886b93749917d7b9d092cd04,
        type: 3}
      propertyPath: InitialModule.startRotationX.minMaxState
      value: 3
      objectReference: {fileID: 0}
    - target: {fileID: 4680697101674192992, guid: 191bfd5d886b93749917d7b9d092cd04,
        type: 3}
      propertyPath: InitialModule.startRotationY.minMaxState
      value: 3
      objectReference: {fileID: 0}
    - target: {fileID: 4775072609602582194, guid: 191bfd5d886b93749917d7b9d092cd04,
        type: 3}
      propertyPath: m_LocalScale.x
      value: 1
      objectReference: {fileID: 0}
    - target: {fileID: 4775072609602582194, guid: 191bfd5d886b93749917d7b9d092cd04,
        type: 3}
      propertyPath: m_LocalScale.y
      value: 1
      objectReference: {fileID: 0}
    - target: {fileID: 4775072609602582194, guid: 191bfd5d886b93749917d7b9d092cd04,
        type: 3}
      propertyPath: m_LocalScale.z
      value: 1
      objectReference: {fileID: 0}
    - target: {fileID: 4775072609602582194, guid: 191bfd5d886b93749917d7b9d092cd04,
        type: 3}
      propertyPath: m_LocalPosition.y
      value: 0.314
      objectReference: {fileID: 0}
    - target: {fileID: 4775072610416418364, guid: 191bfd5d886b93749917d7b9d092cd04,
        type: 3}
      propertyPath: m_LocalScale.x
      value: 1.5
      objectReference: {fileID: 0}
    - target: {fileID: 4775072610416418364, guid: 191bfd5d886b93749917d7b9d092cd04,
        type: 3}
      propertyPath: m_LocalScale.y
      value: 1.5
      objectReference: {fileID: 0}
    - target: {fileID: 4775072610416418364, guid: 191bfd5d886b93749917d7b9d092cd04,
        type: 3}
      propertyPath: m_LocalScale.z
      value: 2
      objectReference: {fileID: 0}
    - target: {fileID: 4891746144571389935, guid: 191bfd5d886b93749917d7b9d092cd04,
        type: 3}
      propertyPath: m_LocalPosition.y
      value: 0.5
      objectReference: {fileID: 0}
    - target: {fileID: 4943988268759066130, guid: 191bfd5d886b93749917d7b9d092cd04,
        type: 3}
      propertyPath: m_LocalPosition.y
      value: 0.5
      objectReference: {fileID: 0}
    - target: {fileID: 4988331614423115599, guid: 191bfd5d886b93749917d7b9d092cd04,
        type: 3}
      propertyPath: m_LocalScale.x
      value: 1
      objectReference: {fileID: 0}
    - target: {fileID: 4988331614423115599, guid: 191bfd5d886b93749917d7b9d092cd04,
        type: 3}
      propertyPath: m_LocalScale.y
      value: 1
      objectReference: {fileID: 0}
    - target: {fileID: 4988331614423115599, guid: 191bfd5d886b93749917d7b9d092cd04,
        type: 3}
      propertyPath: m_LocalScale.z
      value: 1
      objectReference: {fileID: 0}
    - target: {fileID: 4988331614423115599, guid: 191bfd5d886b93749917d7b9d092cd04,
        type: 3}
      propertyPath: m_LocalPosition.y
      value: 0.314
      objectReference: {fileID: 0}
    - target: {fileID: 4988331615757537217, guid: 191bfd5d886b93749917d7b9d092cd04,
        type: 3}
      propertyPath: m_LocalScale.x
      value: 1.25
      objectReference: {fileID: 0}
    - target: {fileID: 4988331615757537217, guid: 191bfd5d886b93749917d7b9d092cd04,
        type: 3}
      propertyPath: m_LocalScale.y
      value: 1.25
      objectReference: {fileID: 0}
    - target: {fileID: 4988331615757537217, guid: 191bfd5d886b93749917d7b9d092cd04,
        type: 3}
      propertyPath: m_LocalScale.z
      value: 2
      objectReference: {fileID: 0}
    - target: {fileID: 5155292432727339421, guid: 191bfd5d886b93749917d7b9d092cd04,
        type: 3}
      propertyPath: InitialModule.startSizeY.minMaxState
      value: 3
      objectReference: {fileID: 0}
    - target: {fileID: 5155292432727339421, guid: 191bfd5d886b93749917d7b9d092cd04,
        type: 3}
      propertyPath: InitialModule.startSizeZ.minMaxState
      value: 3
      objectReference: {fileID: 0}
    - target: {fileID: 5155292432727339421, guid: 191bfd5d886b93749917d7b9d092cd04,
        type: 3}
      propertyPath: InitialModule.startRotationX.minMaxState
      value: 3
      objectReference: {fileID: 0}
    - target: {fileID: 5155292432727339421, guid: 191bfd5d886b93749917d7b9d092cd04,
        type: 3}
      propertyPath: InitialModule.startRotationY.minMaxState
      value: 3
      objectReference: {fileID: 0}
    - target: {fileID: 5215966078275299738, guid: 191bfd5d886b93749917d7b9d092cd04,
        type: 3}
      propertyPath: m_Name
      value: WeaponEffects
      objectReference: {fileID: 0}
    - target: {fileID: 5536529149271212850, guid: 191bfd5d886b93749917d7b9d092cd04,
        type: 3}
      propertyPath: m_LocalScale.z
      value: 2
      objectReference: {fileID: 0}
    - target: {fileID: 5536529149580691464, guid: 191bfd5d886b93749917d7b9d092cd04,
        type: 3}
      propertyPath: m_LocalScale.x
      value: 1
      objectReference: {fileID: 0}
    - target: {fileID: 5536529149580691464, guid: 191bfd5d886b93749917d7b9d092cd04,
        type: 3}
      propertyPath: m_LocalScale.y
      value: 1
      objectReference: {fileID: 0}
    - target: {fileID: 5536529149580691464, guid: 191bfd5d886b93749917d7b9d092cd04,
        type: 3}
      propertyPath: m_LocalScale.z
      value: 1
      objectReference: {fileID: 0}
    - target: {fileID: 5536529149580691464, guid: 191bfd5d886b93749917d7b9d092cd04,
        type: 3}
      propertyPath: m_LocalPosition.y
      value: 0.314
      objectReference: {fileID: 0}
    - target: {fileID: 5537188462228664410, guid: 191bfd5d886b93749917d7b9d092cd04,
        type: 3}
      propertyPath: m_IsActive
      value: 0
      objectReference: {fileID: 0}
    - target: {fileID: 5602798821854986119, guid: 191bfd5d886b93749917d7b9d092cd04,
        type: 3}
      propertyPath: InitialModule.startSizeY.minMaxState
      value: 3
      objectReference: {fileID: 0}
    - target: {fileID: 5602798821854986119, guid: 191bfd5d886b93749917d7b9d092cd04,
        type: 3}
      propertyPath: InitialModule.startSizeZ.minMaxState
      value: 3
      objectReference: {fileID: 0}
    - target: {fileID: 5648897008235069116, guid: 191bfd5d886b93749917d7b9d092cd04,
        type: 3}
      propertyPath: InitialModule.startSizeY.minMaxState
      value: 3
      objectReference: {fileID: 0}
    - target: {fileID: 5648897008235069116, guid: 191bfd5d886b93749917d7b9d092cd04,
        type: 3}
      propertyPath: InitialModule.startSizeZ.minMaxState
      value: 3
      objectReference: {fileID: 0}
    - target: {fileID: 5648897008235069116, guid: 191bfd5d886b93749917d7b9d092cd04,
        type: 3}
      propertyPath: InitialModule.startRotationX.minMaxState
      value: 3
      objectReference: {fileID: 0}
    - target: {fileID: 5648897008235069116, guid: 191bfd5d886b93749917d7b9d092cd04,
        type: 3}
      propertyPath: InitialModule.startRotationY.minMaxState
      value: 3
      objectReference: {fileID: 0}
    - target: {fileID: 5724209113251293363, guid: 191bfd5d886b93749917d7b9d092cd04,
        type: 3}
      propertyPath: m_LocalScale.x
      value: 1
      objectReference: {fileID: 0}
    - target: {fileID: 5724209113251293363, guid: 191bfd5d886b93749917d7b9d092cd04,
        type: 3}
      propertyPath: m_LocalScale.y
      value: 1
      objectReference: {fileID: 0}
    - target: {fileID: 5724209113251293363, guid: 191bfd5d886b93749917d7b9d092cd04,
        type: 3}
      propertyPath: m_LocalScale.z
      value: 1
      objectReference: {fileID: 0}
    - target: {fileID: 5724209113251293363, guid: 191bfd5d886b93749917d7b9d092cd04,
        type: 3}
      propertyPath: m_LocalPosition.y
      value: 0.314
      objectReference: {fileID: 0}
    - target: {fileID: 5724209114383842725, guid: 191bfd5d886b93749917d7b9d092cd04,
        type: 3}
      propertyPath: m_LocalScale.x
      value: 1.25
      objectReference: {fileID: 0}
    - target: {fileID: 5724209114383842725, guid: 191bfd5d886b93749917d7b9d092cd04,
        type: 3}
      propertyPath: m_LocalScale.y
      value: 1.25
      objectReference: {fileID: 0}
    - target: {fileID: 5724209114383842725, guid: 191bfd5d886b93749917d7b9d092cd04,
        type: 3}
      propertyPath: m_LocalScale.z
      value: 2
      objectReference: {fileID: 0}
    - target: {fileID: 6350277005022372953, guid: 191bfd5d886b93749917d7b9d092cd04,
        type: 3}
      propertyPath: m_LocalPosition.x
      value: 0
      objectReference: {fileID: 0}
    - target: {fileID: 6350277005022372953, guid: 191bfd5d886b93749917d7b9d092cd04,
        type: 3}
      propertyPath: m_LocalPosition.y
      value: 0.5
      objectReference: {fileID: 0}
    - target: {fileID: 6350277005022372953, guid: 191bfd5d886b93749917d7b9d092cd04,
        type: 3}
      propertyPath: m_LocalPosition.z
      value: 0
      objectReference: {fileID: 0}
    - target: {fileID: 6578918029779602649, guid: 191bfd5d886b93749917d7b9d092cd04,
        type: 3}
      propertyPath: m_Intensity
      value: 2
      objectReference: {fileID: 0}
    - target: {fileID: 6749583379898062181, guid: 191bfd5d886b93749917d7b9d092cd04,
        type: 3}
      propertyPath: m_LocalPosition.x
      value: 0
      objectReference: {fileID: 0}
    - target: {fileID: 6749583379898062181, guid: 191bfd5d886b93749917d7b9d092cd04,
        type: 3}
      propertyPath: m_LocalPosition.y
      value: 0.5
      objectReference: {fileID: 0}
    - target: {fileID: 6749583379898062181, guid: 191bfd5d886b93749917d7b9d092cd04,
        type: 3}
      propertyPath: m_LocalPosition.z
      value: 0
      objectReference: {fileID: 0}
    - target: {fileID: 6766559911160840670, guid: 191bfd5d886b93749917d7b9d092cd04,
        type: 3}
      propertyPath: m_LocalScale.x
      value: 1.5
      objectReference: {fileID: 0}
    - target: {fileID: 6766559911160840670, guid: 191bfd5d886b93749917d7b9d092cd04,
        type: 3}
      propertyPath: m_LocalScale.y
      value: 1.5
      objectReference: {fileID: 0}
    - target: {fileID: 6766559911160840670, guid: 191bfd5d886b93749917d7b9d092cd04,
        type: 3}
      propertyPath: m_LocalScale.z
      value: 2
      objectReference: {fileID: 0}
    - target: {fileID: 6766559912729728200, guid: 191bfd5d886b93749917d7b9d092cd04,
        type: 3}
      propertyPath: m_LocalScale.x
      value: 1
      objectReference: {fileID: 0}
    - target: {fileID: 6766559912729728200, guid: 191bfd5d886b93749917d7b9d092cd04,
        type: 3}
      propertyPath: m_LocalScale.y
      value: 1
      objectReference: {fileID: 0}
    - target: {fileID: 6766559912729728200, guid: 191bfd5d886b93749917d7b9d092cd04,
        type: 3}
      propertyPath: m_LocalScale.z
      value: 1
      objectReference: {fileID: 0}
    - target: {fileID: 6766559912729728200, guid: 191bfd5d886b93749917d7b9d092cd04,
        type: 3}
      propertyPath: m_LocalPosition.y
      value: 0.314
      objectReference: {fileID: 0}
    - target: {fileID: 6788097934242935865, guid: 191bfd5d886b93749917d7b9d092cd04,
        type: 3}
      propertyPath: m_Intensity
      value: 1
      objectReference: {fileID: 0}
    - target: {fileID: 6869955805314434044, guid: 191bfd5d886b93749917d7b9d092cd04,
        type: 3}
      propertyPath: InitialModule.startSizeY.minMaxState
      value: 3
      objectReference: {fileID: 0}
    - target: {fileID: 6869955805314434044, guid: 191bfd5d886b93749917d7b9d092cd04,
        type: 3}
      propertyPath: InitialModule.startSizeZ.minMaxState
      value: 3
      objectReference: {fileID: 0}
    - target: {fileID: 6950397893951955361, guid: 191bfd5d886b93749917d7b9d092cd04,
        type: 3}
      propertyPath: m_Type
      value: 2
      objectReference: {fileID: 0}
    - target: {fileID: 6950397893951955361, guid: 191bfd5d886b93749917d7b9d092cd04,
        type: 3}
      propertyPath: m_Range
      value: 10
      objectReference: {fileID: 0}
    - target: {fileID: 6950397893951955361, guid: 191bfd5d886b93749917d7b9d092cd04,
        type: 3}
      propertyPath: m_Color.b
      value: 0.8588236
      objectReference: {fileID: 0}
    - target: {fileID: 6950397893951955361, guid: 191bfd5d886b93749917d7b9d092cd04,
        type: 3}
      propertyPath: m_Color.g
      value: 0.015686275
      objectReference: {fileID: 0}
    - target: {fileID: 6950397893951955361, guid: 191bfd5d886b93749917d7b9d092cd04,
        type: 3}
      propertyPath: m_Color.r
      value: 0.6431373
      objectReference: {fileID: 0}
    - target: {fileID: 6950397893951955361, guid: 191bfd5d886b93749917d7b9d092cd04,
        type: 3}
      propertyPath: m_Intensity
      value: 1
      objectReference: {fileID: 0}
    - target: {fileID: 6950397893951955361, guid: 191bfd5d886b93749917d7b9d092cd04,
        type: 3}
      propertyPath: m_Lightmapping
      value: 1
      objectReference: {fileID: 0}
    - target: {fileID: 6950397893951955361, guid: 191bfd5d886b93749917d7b9d092cd04,
        type: 3}
      propertyPath: m_Shadows.m_Type
      value: 0
      objectReference: {fileID: 0}
    - target: {fileID: 7042089608132908328, guid: 191bfd5d886b93749917d7b9d092cd04,
        type: 3}
      propertyPath: m_LocalPosition.x
      value: 0
      objectReference: {fileID: 0}
    - target: {fileID: 7042089608132908328, guid: 191bfd5d886b93749917d7b9d092cd04,
        type: 3}
      propertyPath: m_LocalPosition.y
      value: 0.5
      objectReference: {fileID: 0}
    - target: {fileID: 7042089608132908328, guid: 191bfd5d886b93749917d7b9d092cd04,
        type: 3}
      propertyPath: m_LocalPosition.z
      value: 0
      objectReference: {fileID: 0}
    - target: {fileID: 7245805292238615981, guid: 191bfd5d886b93749917d7b9d092cd04,
        type: 3}
      propertyPath: m_LocalPosition.x
      value: 0
      objectReference: {fileID: 0}
    - target: {fileID: 7245805292238615981, guid: 191bfd5d886b93749917d7b9d092cd04,
        type: 3}
      propertyPath: m_LocalPosition.y
      value: 0.5
      objectReference: {fileID: 0}
    - target: {fileID: 7245805292238615981, guid: 191bfd5d886b93749917d7b9d092cd04,
        type: 3}
      propertyPath: m_LocalPosition.z
      value: 0
      objectReference: {fileID: 0}
    - target: {fileID: 8645443109249662098, guid: 191bfd5d886b93749917d7b9d092cd04,
        type: 3}
      propertyPath: m_LocalPosition.y
      value: 0.5
      objectReference: {fileID: 0}
    - target: {fileID: 8725233558411972466, guid: 191bfd5d886b93749917d7b9d092cd04,
        type: 3}
      propertyPath: m_LocalScale.x
      value: 1
      objectReference: {fileID: 0}
    - target: {fileID: 8725233558411972466, guid: 191bfd5d886b93749917d7b9d092cd04,
        type: 3}
      propertyPath: m_LocalScale.y
      value: 1
      objectReference: {fileID: 0}
    - target: {fileID: 8725233558411972466, guid: 191bfd5d886b93749917d7b9d092cd04,
        type: 3}
      propertyPath: m_LocalScale.z
      value: 1
      objectReference: {fileID: 0}
    - target: {fileID: 8725233558411972466, guid: 191bfd5d886b93749917d7b9d092cd04,
        type: 3}
      propertyPath: m_LocalPosition.y
      value: 0.314
      objectReference: {fileID: 0}
    - target: {fileID: 8725233558702310472, guid: 191bfd5d886b93749917d7b9d092cd04,
        type: 3}
      propertyPath: m_LocalScale.x
      value: 1.25
      objectReference: {fileID: 0}
    - target: {fileID: 8725233558702310472, guid: 191bfd5d886b93749917d7b9d092cd04,
        type: 3}
      propertyPath: m_LocalScale.y
      value: 1.25
      objectReference: {fileID: 0}
    - target: {fileID: 8725233558702310472, guid: 191bfd5d886b93749917d7b9d092cd04,
        type: 3}
      propertyPath: m_LocalScale.z
      value: 2
      objectReference: {fileID: 0}
    - target: {fileID: 8910120876451756486, guid: 191bfd5d886b93749917d7b9d092cd04,
        type: 3}
      propertyPath: InitialModule.startSizeY.minMaxState
      value: 3
      objectReference: {fileID: 0}
    - target: {fileID: 8910120876451756486, guid: 191bfd5d886b93749917d7b9d092cd04,
        type: 3}
      propertyPath: InitialModule.startSizeZ.minMaxState
      value: 3
      objectReference: {fileID: 0}
    - target: {fileID: 8910120876451756486, guid: 191bfd5d886b93749917d7b9d092cd04,
        type: 3}
      propertyPath: InitialModule.startRotationX.minMaxState
      value: 3
      objectReference: {fileID: 0}
    - target: {fileID: 8910120876451756486, guid: 191bfd5d886b93749917d7b9d092cd04,
        type: 3}
      propertyPath: InitialModule.startRotationY.minMaxState
      value: 3
      objectReference: {fileID: 0}
    m_RemovedComponents: []
  m_SourcePrefab: {fileID: 100100000, guid: 191bfd5d886b93749917d7b9d092cd04, type: 3}
--- !u!4 &3429484944074467421 stripped
Transform:
  m_CorrespondingSourceObject: {fileID: 2654107949496097537, guid: 191bfd5d886b93749917d7b9d092cd04,
    type: 3}
  m_PrefabInstance: {fileID: 811408231717581660}
  m_PrefabAsset: {fileID: 0}
